@article {arnold1997preconditioning,
    AUTHOR = {Arnold, Douglas N. and Falk, Richard S. and Winther, R.},
     TITLE = {Preconditioning in {$H({div})$} and applications},
   JOURNAL = {Math. Comp.},
  FJOURNAL = {Mathematics of Computation},
    VOLUME = {66},
      YEAR = {1997},
    NUMBER = {219},
     PAGES = {957--984},
      ISSN = {0025-5718},
     CODEN = {MCMPAF},
   MRCLASS = {65N55 (65N30)},
  MRNUMBER = {1401938 (97i:65177)},
MRREVIEWER = {O. Widlund},
       DOI = {10.1090/S0025-5718-97-00826-0},
       URL = {http://dx.doi.org/10.1090/S0025-5718-97-00826-0},
}

@Article{BangerthHartmannKanschat2007,
    author = {W. Bangerth and R. Hartmann and G. Kanschat},
     title = {deal.{II} -- a General Purpose Object Oriented Finite Element Library},
   journal = {ACM Trans. Math. Softw.},
      year = 2007,
    volume = 33,
    number = 4,
     pages = {24/1--24/27}
}
