@article {arnold1997preconditioning,
    AUTHOR = {Arnold, Douglas N. and Falk, Richard S. and Winther, R.},
     TITLE = {Preconditioning in {$H({div})$} and applications},
   JOURNAL = {Math. Comp.},
  FJOURNAL = {Mathematics of Computation},
    VOLUME = {66},
      YEAR = {1997},
    NUMBER = {219},
     PAGES = {957--984},
      ISSN = {0025-5718},
     CODEN = {MCMPAF},
   MRCLASS = {65N55 (65N30)},
  MRNUMBER = {1401938 (97i:65177)},
MRREVIEWER = {O. Widlund},
       DOI = {10.1090/S0025-5718-97-00826-0},
       URL = {http://dx.doi.org/10.1090/S0025-5718-97-00826-0},
}

@article{BangerthHartmannKanschat2007,
 author = {Bangerth, W. and Hartmann, R. and Kanschat, G.},
 title = {deal.II -- A General-purpose Object-oriented Finite Element Library},
 journal = {ACM Trans. Math. Softw.},
 issue_date = {August 2007},
 volume = {33},
 number = {4},
 month = aug,
 year = {2007},
 issn = {0098-3500},
 articleno = {24},
 url = {http://doi.acm.org/10.1145/1268776.1268779},
 doi = {10.1145/1268776.1268779},
 acmid = {1268779},
 publisher = {ACM},
 address = {New York, NY, USA},
 keywords = {Object-orientation, software design},
}

@inproceedings{burstedde2012,
 author = {Sundar, Hari and Biros, George and Burstedde, Carsten and Rudi, Johann and Ghattas, Omar and Stadler, Georg},
 title = {Parallel Geometric-algebraic Multigrid on Unstructured Forests of Octrees},
 booktitle = {Proceedings of the International Conference on High Performance Computing, Networking, Storage and Analysis},
 series = {SC '12},
 year = {2012},
 isbn = {978-1-4673-0804-5},
 location = {Salt Lake City, Utah},
 pages = {43:1--43:11},
 articleno = {43},
 numpages = {11},
 url = {http://dl.acm.org/citation.cfm?id=2388996.2389055},
 acmid = {2389055},
 publisher = {IEEE Computer Society Press},
 address = {Los Alamitos, CA, USA},
} 

